@inproceedings{test-ref,
    title = {{An Examplary Paper For The References}},
    author = {First Author AND Second Author AND Third Author},
    booktitle = {International Conference on Silly Walks},
    year = 2018,
}

@inproceedings{ten-heuristics,
    title = {Ten Usability Heuristics},
    author = {Jakob Nielsen},
    year = 2005,
}

@inproceedings{nielsen92,
    title = {Finding usability problems through heuristic evaluation},
    author = {Jakob Nielsen},
    booktitle = {Proceedings of the SIGCHI conference on Human factors in computing systems},
    year = 1992,
}

@inproceedings{nielsen94,
    title = {Usability inspection methods},
    author = {Jakob Nielsen},
    booktitle = {Conference companion on Human factors in computing systems},
    year = 1994
}
